<collection xmlns="http://www.loc.gov/MARC21/slim"><record><leader>00929nam  2200265   450</leader><controlfield tag="001">751</controlfield><controlfield tag="003">http://montalegre.opacnet.com/OPAC/default.aspx?ContentAreaControl=ShowRegHoldings.ascx&amp;RegNo=16662</controlfield><datafield tag="021" ind1=" " ind2=" "><subfield code="a">PT</subfield><subfield code="b">16661/88</subfield></datafield><datafield tag="095" ind1=" " ind2=" "><subfield code="a">PTBN00124793</subfield></datafield><datafield tag="100" ind1=" " ind2=" "><subfield code="a">19890417d1988    m  y0pora0103    ba</subfield></datafield><datafield tag="101" ind1="1" ind2=" "><subfield code="a">por</subfield><subfield code="c">fre</subfield></datafield><datafield tag="102" ind1=" " ind2=" "><subfield code="a">PT</subfield></datafield><datafield tag="105" ind1=" " ind2=" "><subfield code="a">y   z   001gy</subfield></datafield><datafield tag="106" ind1=" " ind2=" "><subfield code="a">r</subfield></datafield><datafield tag="200" ind1="1" ind2=" "><subfield code="a">Cantos de Maldoror</subfield><subfield code="a">&lt;seguidos de &gt;Poesias</subfield><subfield code="f">Isidore Ducasse Conde de Lautréamont</subfield><subfield code="g">trad. Pedro Tamen</subfield></datafield><datafield tag="210" ind1=" " ind2=" "><subfield code="a">Lisboa</subfield><subfield code="c">Fenda</subfield><subfield code="d">imp. 1988</subfield></datafield><datafield tag="215" ind1=" " ind2=" "><subfield code="a">254, [6] p.</subfield><subfield code="c">il.</subfield><subfield code="d">25 cm</subfield></datafield><datafield tag="304" ind1=" " ind2=" "><subfield code="a">Tít. orig. : Les chants de Maldoror</subfield></datafield><datafield tag="304" ind1=" " ind2=" "><subfield code="a">Tít. orig. : Poésies</subfield></datafield><datafield tag="517" ind1="1" ind2=" "><subfield code="a">&lt;seguidos de &gt;Poesias</subfield></datafield><datafield tag="675" ind1=" " ind2=" "><subfield code="a">840-1 Lautréamont, Conde de</subfield><subfield code="v">BN</subfield><subfield code="z">por</subfield><subfield code="3">289178</subfield></datafield><datafield tag="700" ind1=" " ind2="0"><subfield code="a">Lautréamont</subfield><subfield code="c">Conde de</subfield><subfield code="c">pseud</subfield><subfield code="3">62854</subfield></datafield><datafield tag="702" ind1=" " ind2="1"><subfield code="a">Tamen</subfield><subfield code="b">Pedro</subfield><subfield code="f">1934-</subfield><subfield code="4">730</subfield><subfield code="3">29527</subfield></datafield><datafield tag="801" ind1=" " ind2="0"><subfield code="a">PT</subfield><subfield code="b">Biblioteca Municipal de Montalegre</subfield><subfield code="g">RPC</subfield></datafield><datafield tag="856" ind1=" " ind2=" "><subfield code="u">locateMedia.asp?cod=20060620095110&amp;ext=jpg</subfield><subfield code="z">CAPA</subfield></datafield><datafield tag="909" ind1="&#9;" ind2=" "><subfield code="a">1</subfield></datafield><datafield tag="966" ind1=" " ind2=" "><subfield code="a">0008939</subfield><subfield code="l">BMM</subfield><subfield code="s">SCG 821 LAU can</subfield></datafield></record></collection>